@inbook{李泽厚2001美的历程,
    author={李泽厚},
    title={美的历程},
    chapter={明清文艺思潮},
    pages={191},
    publisher={生活·读书·新知三联书店},
    year={2014},
    series={第1版},
}
