@book{2013数学之英文写作,
  author={汤涛 and 丁玖},
  title={数学之英文写作},
  publisher={高等教育出版社},
  year={2013},
  address={北京},
}

@misc{Weisstein2019gp,
  howpublished={\url{http://mathworld.wolfram.com/GeometricSequence.html}},
  note={Accessed September 6, 2019},
  title={Geometric Sequence},
  author={Weisstein and Eric W.},
  year={2019},
}

@misc{Weisstein2019ap,
  howpublished={\url{http://mathworld.wolfram.com/ArithmeticProgression.html}},
  note={Accessed September 6, 2019},
  title={Arithmetic Progression},
  author={Weisstein and Eric W.},
  year={2019},
}

@misc{Dejan2018chessboard,
  howpublished={\url{https://purposefocuscommitment.com/the-rice-and-the-chess-board-story/}},
  note={Accessed November 25, 2018},
  title={THE RICE AND THE CHESSBOARD STORY --- THE POWER OF EXPONENTIAL GROWTH},
  author={Dejan},
  year={2018},
}
