@article{scikit-learn,
	title={Scikit-learn: Machine Learning in {P}ython},
	author={Pedregosa, F. and Varoquaux, G. and Gramfort, A. and Michel, V. and Thirion, B. and Grisel, O. and Blondel, M. and Prettenhofer, P. and Weiss, R. and Dubourg, V. and Vanderplas, J. and Passos, A. and Cournapeau, D. and Brucher, M. and Perrot, M. and Duchesnay, E.},
	journal={Journal of Machine Learning Research},
	volume={12},
	pages={2825--2830},
	year={2011}
}

@inproceedings{sklearn_api,
	author={Lars Buitinck and Gilles Louppe and Mathieu Blondel and Fabian Pedregosa and Andreas Mueller and Olivier Grisel and Vlad Niculae and Peter Prettenhofer and lexandre Gramfort and Jaques Grobler and Robert Layton and Jake VanderPlas and Arnaud Joly and Brian Holt and Ga{\"{e}}l Varoquaux},
	title={{API} design for machine learning software: experiences from the scikit-learn project},
	booktitle={ECML PKDD Workshop: Languages for Data Mining and Machine Learning},
	year={2013},
	pages={108--122},
}

@book{李航2012统计学习方法,
    author={李航},
    title={统计学习方法},
    year={2012},
    publisher={清华大学出版社},
}

@Misc{撇味大白菜2018机器学习笔记：特征工程与数据降维,
    howpublished={\url{https://blog.csdn.net/weixin_42219368/article/details/81009387}},
    note={Accessed July 12, 2018},
    title={机器学习笔记：特征工程与数据降维},
    author={撇味大白菜},
    year={2018},
}

@article{刘明吉2000数据挖掘中的数据预处理,
    title={数据挖掘中的数据预处理},
    author={刘明吉 and 王秀峰 and 黄亚楼},
    journal={计算机科学},
    volume={27},
    number={4},
    pages={54-57},
    year={2000},
}

@Misc{DataAnalyst2019机器学习之sklearn中的降维算法,
    howpublished={\url{https://zhuanlan.zhihu.com/p/59591749}},
    note={Accessed March 18, 2019},
    title={机器学习之sklearn中的降维算法},
    author={Data Analyst},
    year={2019},
}

@Misc{Cyrille2015sne,
    howpublished={\url{https://www.oreilly.com/learning/an-illustrated-introduction-to-the-t-sne-algorithm}},
    note={Accessed March 3, 2015},
    title={An illustrated introduction to the t-SNE algorithm},
    author={Cyrille Rossant},
    year={2015},
}

@article{data,
	year={2013},
	issn={2192-6352},
	journal={Progress in Artificial Intelligence},
	doi={10.1007/s13748-013-0040-3},
	title={Event labeling combining ensemble detectors and background knowledge},
	url={http://dx.doi.org/10.1007/s13748-013-0040-3},
	publisher={Springer Berlin Heidelberg},
	keywords={Event labeling; Event detection; Ensemble learning; Background knowledge},
	author={Fanaee-T, Hadi and Gama, Joao},
	pages={1-15}
}
