@book{2014金融市场与金融机构,
  title={金融市场与金融机构(第2版)},
  year={2014},
}

@article{filimonov2013a,
    title={A Stable and Robust Calibration Scheme of the Log-Periodic Power Law Model},
    author={Filimonov, Vladimir and Sornette, Didier},
    journal={Physica A-statistical Mechanics and Its Applications},
    volume={392},
    number={17},
    pages={3698--3707},
    year={2013}
}

@article{张民2001小波分析在振动信号处理领域中的应用,
  title={小波分析在振动信号处理领域中的应用},
  author={张民 and 丁常富 and 韩中合},
  journal={电力科学与工程},
  number={3},
  pages={5-7},
  year={2001},
}

@article{马耀庭2008傅里叶变换在应用中的局限性及克服方法,
  title={傅里叶变换在应用中的局限性及克服方法},
  author={马耀庭 and 邵毅全},
  journal={内江师范学院学报},
  volume={23},
  number={12},
  pages={44-46},
  year={2008},
}

@book{Bracewell1978The,
  title={The Fourier transform and its applications /},
  author={Bracewell, Ron},
  year={1978},
}

@book{Weiss2009Introduction,
  title={Introduction to Fourier Analysis on Euclidean Spaces (PMS-32):},
  author={Weiss and Guido, L},
  year={2009},
}

@article{Daubechies1998Ten,
  title={Ten lectures on wavelets},
  author={Daubechies, Ingrid},
  journal={Computers in Physics},
  volume={6},
  number={3},
  pages={1671-1671},
  year={1998},
}

@misc{ wiki:kstest,
    author = "{Wikipedia contributors}",
    title = "Kolmogorov–Smirnov test --- {Wikipedia}{,} The Free Encyclopedia",
    year = "2019",
    url = "https://en.wikipedia.org/w/index.php?title=Kolmogorov%E2%80%93Smirnov_test&oldid=890607772",
    note = "[Online; accessed 28-April-2019]"
  }

@article{kingma2015adam,
    title={Adam: A Method for Stochastic Optimization},
    author={Kingma, Diederik P and Ba, Jimmy},
    journal={international conference on learning representations},
    year={2015}
}
