@misc{Dheeraj2016finace-books,
  howpublished={\url{https://www.wallstreetmojo.com/top-best-quantitative-finance-books/}},
  note={Accessed November 19, 2016},
  title={Top 10 Best Quantitative Finance Books},
  author={Dheeraj Vaidya},
  year={2016},
}
