@article{filimonov2013a,
    title={A Stable and Robust Calibration Scheme of the Log-Periodic Power Law Model},
    author={Filimonov, Vladimir and Sornette, Didier},
    journal={Physica A-statistical Mechanics and Its Applications},
    volume={392},
    number={17},
    pages={3698--3707},
    year={2013}
}

@article{marsaglia2003evaluating,
    title={Evaluating Kolmogorov's Distribution},
    author={Marsaglia, George and Tsang, Wai Wan and Wang, Jingbo},
    journal={Journal of Statistical Software},
    volume={008},
    number={1},
    pages={1--4},
    year={2003}
}
    
@article{kingma2015adam,
    title={Adam: A Method for Stochastic Optimization},
    author={Kingma, Diederik P and Ba, Jimmy},
    journal={international conference on learning representations},
    year={2015}
}

@article{li2017log-periodic,
    title={Log-periodic view on critical dates of the Chinese stock market bubbles},
    author={Li, Chong},
    journal={Physica A-statistical Mechanics and Its Applications},
    volume={465},
    pages={305--311},
    year={2017}
}

@article{bree2013testing,
    title={Testing for financial crashes using the Log Periodic Power Law model},
    author={Bree, David S and Joseph, Nathan Lael},
    journal={International Review of Financial Analysis},
    volume={30},
    pages={287--297},
    year={2013}
}

@article{daniel2012testing,
    title={An Lppl Algorithm For Estimating The Critical Time Of A Stock Market Bubble},
    author={Daniel Traian Pele},
    journal={Social and Economic Statistics},
    volume={1},
    pages={14--22},
    year={2012}
}

@article{fantazzini2013everything,
    title={Everything You Always Wanted to Know About Log Periodic Power Laws for Bubble Modelling But Were Afraid to Ask},
    author={Fantazzini, Dean and Geraskin, Petr},
    journal={European Journal of Finance},
    volume={19},
    number={5},
    pages={366--391},
    year={2013}
}
